@online{aumento_energia,
  author = {AES Eletropaulo},
  title = {{Entenda o aumento na conta de energia}},
  year = 2015,
  url = {https://www.aeseletropaulo.com.br/para-sua-casa/prazos-e-tarifas/conteudo/entenda-o-aumento-na-conta-de-energia-(mar%C3%A7o2015)},
  urldate = {2016-11-14}
}

@online{balanco_energetico,
  author = {Ministério de Minas e Energia},
  title = {{Balanço Energético Nacional}},
  year = 2015,
  url = {https://ben.epe.gov.br/downloads/Relatorio_Final_BEN_2015.pdf},
  urldate = {2016-11-14}
}

@book{sommerville_2006,
 author = {Sommerville, Ian},
 title = {Software Engineering: (Update) (8th Edition) (International Computer Science)},
 year = {2006},
 isbn = {0321313798},
 publisher = {Addison-Wesley Longman Publishing Co., Inc.},
 address = {Boston, MA, USA},
}

@book{beck_2004,
 author = {Beck, Kent and Andres, Cynthia},
 title = {Extreme Programming Explained: Embrace Change (2Nd Edition)},
 year = {2004},
 isbn = {0321278658},
 publisher = {Addison-Wesley Professional},
}